@article{unsworth_2017_tracking,
  author = {Unsworth, Nash and Robison, Matthew K.},
  month = {12},
  pages = {461-484},
  title = {Tracking working memory maintenance with pupillometry},
  doi = {10.3758/s13414-017-1455-x},
  urldate = {2021-04-28},
  volume = {80},
  year = {2017},
  journal = {Attention, Perception, & Psychophysics}
}

@article{ye_2016_retrodimensioncue,
  author = {Ye, Chaoxiong and Hu, Zhonghua and Ristaniemi, Tapani and Gendron, Maria and Liu, Qiang},
  month = {10},
  title = {Retro-dimension-cue benefit in visual working memory},
  doi = {10.1038/srep35573},
  urldate = {2022-03-17},
  volume = {6},
  year = {2016},
  journal = {Scientific Reports}
}

@article{janczyk_2014_orienting,
  author = {Janczyk, Markus and Berryhill, Marian E.},
  month = {01},
  pages = {715-724},
  title = {Orienting attention in visual working memory requires central capacity: Decreased retro-cue effects under dual-task conditions},
  doi = {10.3758/s13414-013-0615-x},
  urldate = {2019-03-06},
  volume = {76},
  year = {2014},
  journal = {Attention, Perception, & Psychophysics}
}

@article{lin_2021_selection,
  author = {Lin, Yin-ting and Sasin, Edyta and Fougnie, Daryl},
  month = {02},
  title = {Selection in working memory is resource-demanding: Concurrent task effects on the retro-cue effect},
  doi = {10.3758/s13414-020-02239-0},
  urldate = {2021-05-06},
  year = {2021},
  journal = {Attention, Perception, & Psychophysics}
}

@article{vanede_2021_looking,
  author = {van Ede, Freek and Deden, Jovana and Nobre, Anna C.},
  month = {06},
  pages = {R779-R780},
  title = {Looking ahead in working memory to guide sequential behaviour},
  doi = {10.1016/j.cub.2021.04.063},
  urldate = {2021-09-26},
  volume = {31},
  year = {2021},
  journal = {Current Biology}
}

@article{unsworth_2017_pupillary,
  author = {Unsworth, Nash and Robison, Matthew K.},
  month = {01},
  pages = {782-795},
  title = {Pupillary correlates of covert shifts of attention during working memory maintenance},
  doi = {10.3758/s13414-016-1272-7},
  urldate = {2022-10-30},
  volume = {79},
  year = {2017},
  journal = {Attention, Perception, & Psychophysics}
}

@article{robison_2020_individual,
  author = {Robison, Matthew K. and Brewer, Gene A.},
  month = {07},
  pages = {3273-3290},
  title = {Individual differences in working memory capacity and the regulation of arousal},
  doi = {10.3758/s13414-020-02077-0},
  urldate = {2021-04-22},
  volume = {82},
  year = {2020},
  journal = {Attention, Perception, & Psychophysics}
}

@article{souza_2016_in,
  author = {Souza, Alessandra S. and Oberauer, Klaus},
  month = {04},
  pages = {1839-1860},
  title = {In search of the focus of attention in working memory: 13 years of the retro-cue effect},
  doi = {10.3758/s13414-016-1108-5},
  urldate = {2022-03-31},
  volume = {78},
  year = {2016},
  journal = {Attention, Perception, & Psychophysics}
}

@article{rerko_2014_retrocue,
  author = {Rerko, Laura and Souza, Alessandra S. and Oberauer, Klaus},
  month = {01},
  pages = {712-728},
  title = {Retro-cue benefits in working memory without sustained focal attention},
  doi = {10.3758/s13421-013-0392-8},
  volume = {42},
  year = {2014},
  journal = {Memory & Cognition}
}

@article{eng_2005_visual,
  author = {Eng, Hing Yee and Chen, Diyu and Jiang, Yuhong},
  month = {12},
  pages = {1127-1133},
  title = {Visual working memory for simple and complex visual stimuli},
  doi = {10.3758/bf03206454},
  urldate = {2019-05-13},
  volume = {12},
  year = {2005},
  journal = {Psychonomic Bulletin & Review}
}

@article{shan_2022_the,
  author = {Shan, Jiangang and Postle, Bradley R.},
  title = {The Influence of Active Removal from Working Memory on Serial Dependence},
  doi = {10.5334/joc.222},
  urldate = {2022-06-29},
  volume = {5},
  year = {2022},
  journal = {Journal of Cognition}
}

@misc{dames_2022_,
  author = {Dames, Hannah and Oberauer, Klaus},
  publisher = {Journal of Experimental Psychology: General, 151(12), 2990–3008.},
  title = { Directed forgetting in working memory.},
  url = {https://psycnet.apa.org/record/2022-71281-001},
  urldate = {2022-12-20},
  year = {2022}
}

@article{onken_1985_individual,
  author = {Onken, J. and Hastie, R. and Revelle, W.},
  title = {Individual differences in the use of simplification strategies in a complex decision-making task.},
  urldate = {2022-12-22},
  volume = {11 1},
  year = {1985},
  journal = {Journal of experimental psychology. Human perception and performance}
}

@article{Int2,
  author = {Gao, Zaifeng and Yu, Shixian and Zhu, Chengfeng and Shui, Rende and Weng, Xuchu and Li, Peng and Shen, Mowei},
  month = {03},
  title = {Object-based Encoding in Visual Working Memory: Evidence from Memory-driven Attentional Capture},
  doi = {10.1038/srep22822},
  urldate = {2020-03-30},
  volume = {6},
  year = {2016},
  journal = {Scientific Reports}
}

@article{vergauwe_2014_the,
  author = {Vergauwe, Evie and Camos, Valérie and Barrouillet, Pierre},
  month = {07},
  pages = {1072-1095},
  title = {The impact of storage on processing: How is information maintained in working memory?},
  doi = {10.1037/a0035779},
  volume = {40},
  year = {2014},
  journal = {Journal of Experimental Psychology: Learning, Memory, and Cognition}
}

@article{bays_2011_temporal,
  author = {Bays, Paul M. and Gorgoraptis, Nikos and Wee, Natalie and Marshall, Louise and Husain, Masud},
  month = {06},
  pages = {6–6},
  title = {Temporal dynamics of encoding, storage, and reallocation of visual working memory},
  doi = {10.1167/11.10.6},
  url = {https://jov.arvojournals.org/article.aspx?articleid=2121222#88255387},
  urldate = {2022-12-22},
  volume = {11},
  year = {2011},
  journal = {Journal of Vision}
}

@article{bradley_2012_the,
  author = {Bradley, Claire and Pearson, Joel},
  title = {The Sensory Components of High-Capacity Iconic Memory and Visual Working Memory},
  doi = {10.3389/fpsyg.2012.00355},
  volume = {3},
  year = {2012},
  journal = {Frontiers in Psychology}
}

@article{Int1,
  author = {Oberauer, Klaus},
  month = {03},
  pages = {239-255},
  title = {Removal of irrelevant information from working memory: sometimes fast, sometimes slow, and sometimes not at all},
  doi = {10.1111/nyas.13603},
  urldate = {2020-03-16},
  volume = {1424},
  year = {2018},
  journal = {Annals of the New York Academy of Sciences}
}

@article{morrison_2020_offloading,
  author = {Morrison, Alexandra B. and Richmond, Lauren L.},
  month = {01},
  title = {Offloading items from memory: individual differences in cognitive offloading in a short-term memory task},
  doi = {10.1186/s41235-019-0201-4},
  volume = {5},
  year = {2020},
  journal = {Cognitive Research: Principles and Implications}
}

@article{lintz_2021_refreshing,
  author = {Lintz, Evan N and Johnson, Matthew R},
  month = {06},
  pages = {104655},
  title = {Refreshing and removing items in working memory: Different approaches to equivalent processes?},
  doi = {10.1016/j.cognition.2021.104655},
  url = {https://www.sciencedirect.com/science/article/pii/S0010027721000743?via%3Dihub#ab0005},
  urldate = {2021-03-27},
  volume = {211},
  year = {2021},
  journal = {Cognition}
}

@article{endo_2003_perceptual,
  author = {Endo, Nobutaka and Saiki, Jun and Nakao, Yoko and Saito, Hirofumi },
  pages = {346–353},
  title = {Perceptual judgments of novel contour shapes and hierarchical descriptions of geometrical properties},
  doi = {10.4992/jjpsy.74.346},
  url = {https://www.jstage.jst.go.jp/article/jjpsy1926/74/4/74_4_346/_article/-char/ja/},
  urldate = {2022-12-22},
  volume = {74},
  year = {2003},
  journal = {The Japanese Journal of Psychology}
}

@article{ramosgameiro_2017_exploration,
  author = {Ramos Gameiro, Ricardo and Kaspar, Kai and König, Sabine U. and Nordholt, Sontje and König, Peter},
  month = {05},
  pages = {2311},
  title = {Exploration and Exploitation in Natural Viewing Behavior},
  doi = {10.1038/s41598-017-02526-1},
  url = {https://www.nature.com/articles/s41598-017-02526-1},
  urldate = {2022-12-23},
  volume = {7},
  year = {2017},
  journal = {Scientific Reports}
}

@article{ballard_1995_memory,
  author = {Ballard, Dana H. and Hayhoe, Mary M. and Pelz, Jeff B.},
  month = {01},
  pages = {66-80},
  title = {Memory Representations in Natural Tasks},
  doi = {10.1162/jocn.1995.7.1.66},
  urldate = {2022-05-03},
  volume = {7},
  year = {1995},
  journal = {Journal of Cognitive Neuroscience}
}

@article{somai_2020_evidence,
  author = {Somai, Rosyl S. and Schut, Martijn J. and Van der Stigchel, Stefan},
  month = {01},
  pages = {108-114},
  title = {Evidence for the world as an external memory: A trade-off between internal and external visual memory storage},
  doi = {10.1016/j.cortex.2018.12.017},
  urldate = {2021-06-09},
  volume = {122},
  year = {2020},
  journal = {Cortex}
}